<?xml version="1.0" encoding="UTF-8"?><collection><record><leader>07204ntm a2200697 a 4500</leader><controlfield tag="001">006832583</controlfield><controlfield tag="003">MiAaHDL</controlfield><controlfield tag="005">20190719000000.0</controlfield><controlfield tag="006">m        d        </controlfield><controlfield tag="007">cr bn ---auaua</controlfield><controlfield tag="008">090629q18701905ua            00| ||ara d</controlfield><datafield tag="035" ind1=" " ind2=" "><subfield code="a">(MiU)006832583</subfield></datafield><datafield tag="035" ind1=" " ind2=" "><subfield code="a">sdr-miu006832583</subfield></datafield><datafield tag="040" ind1=" " ind2=" "><subfield code="a">MiU</subfield><subfield code="c">MiU</subfield><subfield code="e">amremm</subfield></datafield><datafield tag="043" ind1=" " ind2=" "><subfield code="a">n-us-mi</subfield></datafield><datafield tag="245" ind1="0" ind2="0"><subfield code="6">880-03</subfield><subfield code="a">Majmūʻ fī al-tawḥīd wa-al-naḥw,</subfield><subfield code="f">[late 19th or early 20th century].</subfield></datafield><datafield tag="246" ind1="3" ind2="8"><subfield code="a">توحيد</subfield></datafield><datafield tag="260" ind1=" " ind2=" "><subfield code="a">[Egypt,</subfield><subfield code="c">1870-1905].</subfield></datafield><datafield tag="300" ind1=" " ind2=" "><subfield code="a">45 leaves :</subfield><subfield code="b">paper ;</subfield><subfield code="c">225 x 155 (190 x 115) mm. bound to 231 x 162 mm.</subfield></datafield><datafield tag="500" ind1=" " ind2=" "><subfield code="a">Shelfmark: Ann Arbor, University of Michigan, Special Collections Library, Isl. Ms. 948</subfield></datafield><datafield tag="500" ind1=" " ind2=" "><subfield code="a">Origin: Lacks dated colophon ; paper, etc. would suggest transcription in Egypt, late 19th century (or possibly within the first decade of the 20th century).</subfield></datafield><datafield tag="500" ind1=" " ind2=" "><subfield code="a">Former shelfmark: Mich. Isl. Ms. temp. no. 97</subfield></datafield><datafield tag="500" ind1=" " ind2=" "><subfield code="a">Binding: Boards covered in textured black cloth with black leather over spine (quarter binding) ; Western style binding ; pastedowns and flyleaves in wove paper printed with a floral vegetal pattern in pink and green ; spine gold-stamped with title and decorative accents over raised bands "التوحيد" ; sewn in white thread over three recessed cords, tightly bound ; overall in fairly good condition.</subfield></datafield><datafield tag="500" ind1=" " ind2=" "><subfield code="a">Support: Machine laid paper and wove paper ; mainly a type with roughly 7 laid lines per cm. (vertical), chain lines spaced 26-28 mm. apart (horizontal) and watermark of words in Arabic script only partially visible (see p.28, 40, 42, etc.) and date (see pp.48 and 60, possibly 1313 [1895 or 6] or 1292 [1876 or 7), light beige in color, virtually unburnished ; another type (see pp.3-6, 13-16) with roughly 8 laid lines per cm. (vertical), chain lines spaced 26-27 mm. apart (horizontal) and watermark of "GOUVERNEMENT EGYPTIEN" with star and crescent at center and other smaller crescents with three stars (see pp.4, 6, 14, 16 and compare Walz, "The Paper trade of Egypt and the Sudan," p.91), dense and sturdy, beige to buff in color, only lightly burnished ; final leaves of codex (from p.65 to close) are in a wove paper of nearly the same color as the predominant machine laid type.</subfield></datafield><datafield tag="500" ind1=" " ind2=" "><subfield code="a">Decoration: Keywords rubricated ; textual dividers in the form of three dots in red.</subfield></datafield><datafield tag="500" ind1=" " ind2=" "><subfield code="a">Script: Naskh ; large, clear though somewhat awkward hand in a medium to bold line ; partially but irregularly seriffed with slight right-sloping head-serifs, effect of tilt to the left, some sweeping descenders (often flattened), pointing in distinct dots, final yāʼ usually unpointed though kasrah supplied, fully vocalized.</subfield></datafield><datafield tag="500" ind1=" " ind2=" "><subfield code="a">Layout: Written in 15-17 lines per page ; written area often divided to two columns ; frame-ruled (impression of ruling board occasionally evident).</subfield></datafield><datafield tag="500" ind1=" " ind2=" "><subfield code="a">Collation: i, V-1 (9), 3 V(39), III (45), i ; quinions (one anomalous) followed by a ternion ; final two leaves left blank ; catchwords present ; pagination in pencil, Western numerals (supplied during digitization).</subfield></datafield><datafield tag="500" ind1=" " ind2=" "><subfield code="a">Incipit: [Matn Umm al-barāhīn] "الحمد لله والصلاة والسلام على رسول الله اعلم ان الحكم العقلي ينحصر في ثلاثة اقسام الوجوب والاستحالة والجواز ..." ; [Matn al-Jawharah fī al-tawḥīd] "الحمد لله على صلاته ثم سلام الله مع صلاته على نبي جاء بالتوحيد وقد عرى الدين عن التوحيد ..." ; [ Matn Badʼ al-amālī fī al-tawḥīd ] "يقول العبد في بدء الامالي لتوحيد بنظم كاللآلي ..." ; [Matn Alfīyat Ibn Mālik] "قال محمد هو بن مالك احمد الله ربي خير مالك مصليا على الرسول المصطفى واله المستكملين الشرفا ..."</subfield></datafield><datafield tag="500" ind1=" " ind2=" "><subfield code="a">Title from inscription on 'title page' (p.1).</subfield></datafield><datafield tag="500" ind1=" " ind2=" "><subfield code="a">Ms. codex.</subfield></datafield><datafield tag="505" ind1="0" ind2=" "><subfield code="a">4. p.22-p.86 : Matn Alfīyat Ibn Mālik / Ibn Mālik.</subfield></datafield><datafield tag="505" ind1="0" ind2=" "><subfield code="a">3. p.18-p.22 : Matn Badʼ al-amālī fī al-tawḥīd / ʻAlī ibn ʻUthmān al-Ūshī.</subfield></datafield><datafield tag="505" ind1="0" ind2=" "><subfield code="a">2. p.9-p.18 : Matn al-Jawharah fī al-tawḥīd / Ibrāhīm ibn Ibrāhīm al-Laqānī.</subfield></datafield><datafield tag="505" ind1="0" ind2=" "><subfield code="a">1. p.1-p.9 : [Matn Umm al-barāhīn fī ʻilm al-kalām] / Muḥammad ibn Yūsuf al-Sanūsī.</subfield></datafield><datafield tag="510" ind1="4" ind2=" "><subfield code="a">Walz, Terence. "The Paper trade of Egypt and the Sudan in the eighteenth and nineteenth centuries and its re-export to the Bilad as-Sudan." In The Trans-Saharan book trade: manuscript culture, Arabic literacy, and intellectual history in Muslim Africa. Graziano Krätli and Ghislaine Lydon, Eds. (Leiden : Brill, 2011):</subfield><subfield code="c">73-108.</subfield></datafield><datafield tag="510" ind1="4" ind2=" "><subfield code="a">Brockelmann, C. GAL,</subfield><subfield code="c">I 298 (II.)</subfield></datafield><datafield tag="510" ind1="4" ind2=" "><subfield code="a">Brockelmann, C. GAL,</subfield><subfield code="c">I 429-30 (I.) ; S I 764-5</subfield></datafield><datafield tag="510" ind1="4" ind2=" "><subfield code="a">Brockelmann, C. GAL,</subfield><subfield code="c">II 316</subfield></datafield><datafield tag="510" ind1="4" ind2=" "><subfield code="a">Brockelmann, C. GAL,</subfield><subfield code="c">II 250-51 (II.)</subfield></datafield><datafield tag="520" ind1="8" ind2=" "><subfield code="a">Fine collection (majmūʻah) of several concise didactic treatises of theology and grammar, mainly in verse, namely Umm al-barāhīn of Abū ʻAbd Allāh Muḥammad ibn Yūsuf al-Sanūsī (d.1490), Jawharat al-tawḥīd of Ibrāhīm ibn Ibrāhīm al-Laqānī (d.1631 or 2), Badʼ al-amālī (or Qaṣīdat yaqūlu al-ʻabd fī Badʼ al-amālī) of ʻAlī ibn ʻUthmān al-Ūshī (12th cent.), and the Alfīyah of Ibn Mālik (d.1274).</subfield></datafield><datafield tag="538" ind1=" " ind2=" "><subfield code="a">Mode of access: Internet.</subfield></datafield><datafield tag="546" ind1=" " ind2=" "><subfield code="a">Arabic.</subfield></datafield><datafield tag="561" ind1=" " ind2=" "><subfield code="a">On upper pastedown label with ex libris of James Heyworth-Dunne (d.1974), stamped with inventory numbers, "Ex Libris | J. Heyworth-Dunne | D. Lit. (London) | No.7777" ; UM Library inscription on p.3 "Dunning | Heyworth-Dunne | 6-13-51 | 71955" ; marginal glosses.</subfield></datafield><datafield tag="650" ind1=" " ind2="0"><subfield code="a">Manuscripts, Arabic</subfield><subfield code="z">Michigan</subfield><subfield code="z">Ann Arbor.</subfield></datafield><datafield tag="650" ind1=" " ind2="0"><subfield code="a">Arabic language</subfield><subfield code="x">Grammar</subfield><subfield code="v">Early works to 1800.</subfield></datafield><datafield tag="650" ind1=" " ind2="0"><subfield code="a">Arabic poetry</subfield><subfield code="v">Early works to 1800.</subfield></datafield><datafield tag="650" ind1=" " ind2="0"><subfield code="a">God (Islam)</subfield><subfield code="x">Attributes</subfield><subfield code="v">Early works to 1800.</subfield></datafield><datafield tag="650" ind1=" " ind2="0"><subfield code="a">God</subfield><subfield code="x">Simplicity</subfield><subfield code="v">Early works to 1800.</subfield></datafield><datafield tag="650" ind1=" " ind2="0"><subfield code="a">Islam</subfield><subfield code="x">Doctrines</subfield><subfield code="v">Early works to 1800.</subfield></datafield><datafield tag="700" ind1="1" ind2=" "><subfield code="a">Heyworth-Dunne, J.</subfield><subfield code="q">(James),</subfield><subfield code="e">former owner.</subfield></datafield><datafield tag="700" ind1="1" ind2="2"><subfield code="6">880-06</subfield><subfield code="a">Ibn Mālik, Muḥammad ibn ʻAbd Allāh,</subfield><subfield code="d">-1274.</subfield><subfield code="t">Alfīyah.</subfield></datafield><datafield tag="700" ind1="1" ind2="2"><subfield code="6">880-05</subfield><subfield code="a">Ūshī, ʻAlī ibn ʻUthmān,</subfield><subfield code="d">active 12th century.</subfield><subfield code="t">Badʼ al-amālī.</subfield></datafield><datafield tag="700" ind1="1" ind2="2"><subfield code="6">880-04</subfield><subfield code="a">Laqānī, Ibrāhīm ibn Ibrāhīm,</subfield><subfield code="d">-1631 or 1632.</subfield><subfield code="t">Matn al-Jawharah fī al-tawḥīd.</subfield></datafield><datafield tag="700" ind1="1" ind2="2"><subfield code="6">880-03</subfield><subfield code="a">Sanūsī, Muḥammad ibn Yūsuf,</subfield><subfield code="d">approximately 1427-approximately 1490.</subfield><subfield code="t">Umm al-barāhīn fī ʻilm al-kalām.</subfield></datafield><datafield tag="773" ind1="0" ind2=" "><subfield code="a">Heyworth-Dunne Collection.</subfield></datafield><datafield tag="880" ind1="1" ind2="2"><subfield code="6">700-06/</subfield><subfield code="a">ابن مالك, محمد بن عبد الله.</subfield><subfield code="t">الفية.</subfield></datafield><datafield tag="880" ind1="1" ind2="2"><subfield code="6">700-05/</subfield><subfield code="a">اوشي، علي بن عثمان.</subfield><subfield code="t">بدء الامالي.</subfield></datafield><datafield tag="880" ind1="1" ind2="2"><subfield code="6">700-04/</subfield><subfield code="a">لقاني، ابراهيم بن ابراهيم.</subfield><subfield code="t">متن الجوهرة في التوحيد.</subfield></datafield><datafield tag="880" ind1="1" ind2="2"><subfield code="6">700-03/</subfield><subfield code="a">سنوسي، محمد بن يوسف.</subfield><subfield code="t">ام البراهين في علم الكلام.</subfield></datafield><datafield tag="880" ind1="0" ind2="0"><subfield code="6">245-03/</subfield><subfield code="a">مجموع في التوحيد والنحو,</subfield><subfield code="f">[اواخر القرن 19م او اوائل القرن 20م].</subfield></datafield><datafield tag="CID" ind1=" " ind2=" "><subfield code="a">006832583</subfield></datafield><datafield tag="DAT" ind1="0" ind2=" "><subfield code="a">20190719102640.0</subfield><subfield code="b">20190719000000.0</subfield></datafield><datafield tag="DAT" ind1="1" ind2=" "><subfield code="a">20190719090653.0</subfield><subfield code="b">2019-07-19T16:12:13Z</subfield></datafield><datafield tag="DAT" ind1="2" ind2=" "><subfield code="a">2015-10-10T18:00:06Z</subfield></datafield><datafield tag="CAT" ind1=" " ind2=" "><subfield code="a">SDR-MIU</subfield><subfield code="d">EX LIBRIS - ALEPH</subfield><subfield code="l">prepare.pl-004-008</subfield></datafield><datafield tag="FMT" ind1=" " ind2=" "><subfield code="a">BK</subfield></datafield><datafield tag="HOL" ind1=" " ind2=" "><subfield code="0">sdr-miu006832583</subfield><subfield code="a">MiU</subfield><subfield code="b">SDR</subfield><subfield code="c">MIU</subfield><subfield code="p">mdp.39015079131291</subfield><subfield code="s">MIU</subfield><subfield code="1">006832583</subfield></datafield><datafield tag="974" ind1=" " ind2=" "><subfield code="b">MIU</subfield><subfield code="c">MIU</subfield><subfield code="d">20190719</subfield><subfield code="s">lit-dlps-dc</subfield><subfield code="u">mdp.39015079131291</subfield><subfield code="y">1905</subfield><subfield code="r">pd</subfield><subfield code="q">exp</subfield></datafield></record></collection>